<record><leader>00000cas a2200000 a 4500</leader><controlfield tag="001">57357815</controlfield><controlfield tag="008">050103u1999uuuuiluer ne      |   a0bul c</controlfield><datafield ind1=" " ind2=" " tag="010"><subfield code="a">  2005213500</subfield><subfield code="z">  2009262034</subfield></datafield><datafield ind1=" " ind2=" " tag="040"><subfield code="a">NSD</subfield><subfield code="b">eng</subfield><subfield code="c">NSD</subfield><subfield code="d">CGU</subfield><subfield code="d">DLC</subfield><subfield code="d">OCLCQ</subfield></datafield><datafield ind1=" " ind2=" " tag="066"><subfield code="c">(N</subfield></datafield><datafield ind1=" " ind2=" " tag="012"><subfield code="l">1</subfield></datafield><datafield ind1="0" ind2=" " tag="022"><subfield code="a">1554-0731</subfield><subfield code="l">1554-0731</subfield><subfield code="2">1</subfield></datafield><datafield ind1=" " ind2=" " tag="037"><subfield code="b">BCGuide, 514 Willow St., Lake in the Hills, IL 60156</subfield></datafield><datafield ind1="0" ind2=" " tag="041"><subfield code="a">bul</subfield><subfield code="a">eng</subfield></datafield><datafield ind1=" " ind2=" " tag="042"><subfield code="a">pcc</subfield></datafield><datafield ind1="1" ind2="0" tag="050"><subfield code="a">ISSN RECORD</subfield></datafield><datafield ind1=" " ind2="0" tag="222"><subfield code="a">All you need</subfield></datafield><datafield ind1="0" ind2="0" tag="245"><subfield code="a">All you need.</subfield></datafield><datafield ind1=" " ind2=" " tag="260"><subfield code="a">Lake in the Hills, Ill. :</subfield><subfield code="b">BC Guide</subfield></datafield><datafield ind1=" " ind2=" " tag="300"><subfield code="a">v.</subfield></datafield><datafield ind1=" " ind2=" " tag="310"><subfield code="a">Biweekly</subfield></datafield><datafield ind1="1" ind2=" " tag="362"><subfield code="a">Began in 1999.</subfield></datafield><datafield ind1=" " ind2=" " tag="500"><subfield code="a">"Target to Bulgarian, Russian, Polish, Serbian, Macedonian communities."</subfield></datafield><datafield ind1=" " ind2=" " tag="546"><subfield code="a">Bulgarian and English.</subfield></datafield><datafield ind1=" " ind2=" " tag="588"><subfield code="a">Description based on: No. 91 (Sept. 10, 2004); title from masthead.</subfield></datafield><datafield ind1=" " ind2=" " tag="588"><subfield code="a">Latest issue consulted: 131 (May 10, 2006).</subfield></datafield><datafield ind1=" " ind2=" " tag="752"><subfield code="a">United States</subfield><subfield code="b">Illinois</subfield><subfield code="d">Lake in the Hills.</subfield></datafield><datafield ind1="0" ind2="0" tag="785"><subfield code="6">880-01</subfield><subfield code="t">Balkansko ekho</subfield><subfield code="w">(OCoLC)437260236</subfield></datafield><datafield ind1="0" ind2="0" tag="880"><subfield code="6">785-01/(N</subfield><subfield code="t">&#1041;&#1072;&#1083;&#1082;&#1072;&#1085;&#1089;&#1082;&#1086; &#1077;&#1093;&#1086;</subfield><subfield code="w">(OCoLC)437260236</subfield></datafield><datafield ind1="1" ind2=" " tag="029"><subfield code="a">AU@</subfield><subfield code="b">000026494243</subfield></datafield></record>